@online{osdev,
	title = {OSDev.org, a community about the creation of operating systems},
	url = {https://wiki.osdev.org}
}

@online{memfaultLinkerScripts,
	title = {From Zero to main(): Demystifying Firmware Linker Scripts},
	urldate = {2020-12-03},
	url = {https://interrupt.memfault.com/blog/how-to-write-linker-scripts-for-firmware}
}

@manual{hifive1RevBBootLoader,
	title = {SiFive HiFive1 Rev B Getting Started Guide},
	date = {2020-12-04},
	version = {1.1},
	publisher = {SiFive Inc},
	chapter = {9},
	pages = {24}
}

@manual{hifive1RevBBootCode,
	title = {SiFive FE310-G002 Preliminary Datasheet},
	date = {2020-12-04},
	version = {v1p0},
	publisher = {SiFive Inc},
	chapter = {5},
	pages = {11}
}

@manual{hifive1RevBConfig,
	title = {SiFive FE310-G002 Preliminary Datasheet},
	date = {2020-12-04},
	version = {v1p0},
	publisher = {SiFive Inc},
	chapter = {3},
	pages = {6-8}
}

@manual{fe310g002manOverview,
	title = {SiFive FE310-G002 Manual},
	date = {2020-12-04},
	version = {v19p04},
	publisher = {SiFive Inc},
	chapter = {1},
	pages = {11-12}
}

@manual{fe310g002manBootProcess,
	title = {SiFive FE310-G002 Manual},
	date = {2020-12-04},
	version = {v19p04},
	publisher = {SiFive Inc},
	chapter = {5},
	pages = {23-24}
}

@manual{fe310g002manMMap,
	title = {SiFive FE310-G002 Manual},
	date = {2020-12-04},
	version = {v19p04},
	publisher = {SiFive Inc},
	chapter = {4},
	pages = {22}
}

@online{gnuldProgramHeaders,
	title = {ELF Program Headers},
	url = {https://ftp.gnu.org/old-gnu/Manuals/ld-2.9.1/html_node/ld_23.html},
	urldate = {2020-12-14}
}